@InProceedings{fazekas_et_al:LIPIcs.SAT.2023.8,
  author =	{Fazekas, Katalin and Niemetz, Aina and Preiner, Mathias and Kirchweger, Markus and Szeider, Stefan and Biere, Armin},
  title =	{{IPASIR-UP: User Propagators for CDCL}},
  booktitle =	{26th International Conference on Theory and Applications of Satisfiability Testing (SAT 2023)},
  pages =	{8:1--8:13},
  series =	{Leibniz International Proceedings in Informatics (LIPIcs)},
  ISBN =	{978-3-95977-286-0},
  ISSN =	{1868-8969},
  year =	{2023},
  volume =	{271},
  editor =	{Mahajan, Meena and Slivovsky, Friedrich},
  publisher =	{Schloss Dagstuhl -- Leibniz-Zentrum f{\"u}r Informatik},
  address =	{Dagstuhl, Germany},
  URL =		{https://drops.dagstuhl.de/entities/document/10.4230/LIPIcs.SAT.2023.8},
  URN =		{urn:nbn:de:0030-drops-184709},
  doi =		{10.4230/LIPIcs.SAT.2023.8},
  annote =	{Keywords: SAT, CDCL, Satisfiability Modulo Theories, Satisfiability Modulo Symmetries}
}
